@book{groves2013survey,
  title={Survey methodology},
  author={Groves, Robert M and Fowler Jr, Floyd J and Couper, Mick P and Lepkowski, James M and Singer, Eleanor and Tourangeau, Roger},
  year={2013},
  publisher={John Wiley \& Sons}
}

@article{demarzo2003persuasion,
  title={Persuasion bias, social influence, and unidimensional opinions},
  author={DeMarzo, Peter M and Vayanos, Dimitri and Zwiebel, Jeffrey},
  journal={The Quarterly Journal of Economics},
  volume={118},
  number={3},
  pages={909--968},
  year={2003},
  publisher={Oxford University Press}
}

@article{moscovici1972social,
  title={Social influence, conformity bias, and the study of active minorities},
  author={Moscovici, Serge and Faucheux, Claude},
  journal={Advances in experimental social psychology},
  volume={6},
  pages={149--202},
  year={1972},
  publisher={Academic Press New York}
}

@article{wood2000attitude,
  title={Attitude change: Persuasion and social influence},
  author={Wood, Wendy},
  journal={Annual review of psychology},
  volume={51},
  number={1},
  pages={539--570},
  year={2000},
  publisher={Annual Reviews 4139 El Camino Way, PO Box 10139, Palo Alto, CA 94303-0139, USA}
}

@article{muchnik2013social,
  title={Social influence bias: A randomized experiment},
  author={Muchnik, Lev and Aral, Sinan and Taylor, Sean J},
  journal={Science},
  volume={341},
  number={6146},
  pages={647--651},
  year={2013},
  publisher={American Association for the Advancement of Science}
}

@inproceedings{o2012transparency,
  title={Transparency, Open data and trust in government: Shaping the infosphere},
  author={O'Hara, Kieron},
  booktitle={Proceedings of the 3rd Annual ACM Web Science Conference},
  pages={223--232},
  year={2012},
  organization={ACM}
}

@article{albors2008new,
  title={New learning network paradigms: Communities of objectives, crowdsourcing, wikis and open source},
  author={Albors, Jordi and Ramos, Juan C and Hervas, Jose L},
  journal={International Journal of Information Management},
  volume={28},
  number={3},
  pages={194--202},
  year={2008},
  publisher={Elsevier}
}

@article{noveck2008wiki,
  title={Wiki-government},
  author={Noveck, Beth Simone},
  journal={Democracy: A Journal of Ideas (7)},
  year={2008}
}


@article{crc,
  title={California Report Card},
  author={UC CITRIS DDI},
  journal={http://californiareportcard.org/},
  year={2014}
}

@book{lehmann2006nonparametrics,
  title={Nonparametrics: statistical methods based on ranks},
  author={Lehmann, Erich Leo and D'Abrera, Howard JM},
  year={2006},
  publisher={Springer New York}
}






